<record><leader>00000cas a2200000 a 4500</leader><controlfield tag="001">11389213</controlfield><controlfield tag="008">841115d18851890ksuwr ne      0   a0eng d</controlfield><datafield ind1=" " ind2=" " tag="010"><subfield code="a">sn 84030087 </subfield></datafield><datafield ind1=" " ind2=" " tag="040"><subfield code="a">KSH</subfield><subfield code="b">eng</subfield><subfield code="c">KSH</subfield><subfield code="d">NPT</subfield><subfield code="d">OCL</subfield><subfield code="d">OCLCQ</subfield></datafield><datafield ind1=" " ind2=" " tag="042"><subfield code="a">msc</subfield></datafield><datafield ind1="0" ind2="0" tag="245"><subfield code="a">Grant County register.</subfield></datafield><datafield ind1=" " ind2=" " tag="260"><subfield code="a">Ulysses, Kan. :</subfield><subfield code="b">A. Bennett,</subfield><subfield code="c">1885-1890.</subfield></datafield><datafield ind1=" " ind2=" " tag="300"><subfield code="a">5 v. :</subfield><subfield code="b">ill. ;</subfield><subfield code="c">50 cm.</subfield></datafield><datafield ind1=" " ind2=" " tag="310"><subfield code="a">Weekly</subfield></datafield><datafield ind1="0" ind2=" " tag="362"><subfield code="a">Vol. 1, no. 1 (July 21, 1885)-v. 5, no. 32 (Feb. 22, 1890).</subfield></datafield><datafield ind1=" " ind2=" " tag="500"><subfield code="a">Published by: Herbert L. Gill, Sept. 15, 1885-Feb. 22, 1890.</subfield></datafield><datafield ind1=" " ind2=" " tag="500"><subfield code="a">"Independent." Cf. Ayer, 1887.</subfield></datafield><datafield ind1=" " ind2=" " tag="525"><subfield code="a">Some issues have supplements.</subfield></datafield><datafield ind1=" " ind2=" " tag="580"><subfield code="a">Issued also in a daily edition called: Daily register (Ulysses, Kan.), Aug. 1-15, 1888.</subfield></datafield><datafield ind1=" " ind2=" " tag="752"><subfield code="a">United States</subfield><subfield code="b">Kansas</subfield><subfield code="c">Grant</subfield><subfield code="d">Ulysses.</subfield></datafield><datafield ind1="1" ind2=" " tag="775"><subfield code="t">Daily register (Ulysses, Kan.)</subfield><subfield code="w">(DLC)sn 84030050</subfield></datafield><datafield ind1="0" ind2="7" tag="785"><subfield code="t">Ulysses tribune (Ulysses, Kan. : 1889)</subfield><subfield code="w">(DLC)sn 84030085</subfield></datafield><datafield ind1="0" ind2="7" tag="785"><subfield code="t">Ulysses tribune and Grant County register</subfield><subfield code="w">(DLC)sn 84030086</subfield></datafield></record>